<record><leader>00000cas a22000007a 4500</leader><controlfield tag="001">39781026</controlfield><controlfield tag="008">980901d19301933pauwr ne      0    0eng d</controlfield><datafield ind1=" " ind2=" " tag="010"><subfield code="a">sn 98021563 </subfield></datafield><datafield ind1=" " ind2=" " tag="040"><subfield code="a">CRL</subfield><subfield code="b">eng</subfield><subfield code="c">CRL</subfield><subfield code="d">OCLCQ</subfield><subfield code="d">OCLCF</subfield><subfield code="d">OCLCO</subfield></datafield><datafield ind1="1" ind2=" " tag="029"><subfield code="a">AU@</subfield><subfield code="b">000014196122</subfield></datafield><datafield ind1=" " ind2=" " tag="042"><subfield code="a">msc</subfield></datafield><datafield ind1=" " ind2=" " tag="043"><subfield code="a">n-us-pa</subfield></datafield><datafield ind1="0" ind2="4" tag="245"><subfield code="a">The weekly news-dispatch.</subfield></datafield><datafield ind1=" " ind2=" " tag="260"><subfield code="a">Jeannette, Pa. :</subfield><subfield code="b">Jeannette Pub. Co.,</subfield><subfield code="c">-1933.</subfield></datafield><datafield ind1=" " ind2=" " tag="300"><subfield code="a">v. :</subfield><subfield code="b">ill.</subfield></datafield><datafield ind1=" " ind2=" " tag="310"><subfield code="a">Weekly</subfield></datafield><datafield ind1="1" ind2=" " tag="362"><subfield code="a">Began in 1930?</subfield></datafield><datafield ind1="0" ind2=" " tag="362"><subfield code="a">-v. 3, no. 26 (May 2, 1933).</subfield></datafield><datafield ind1=" " ind2=" " tag="530"><subfield code="a">Also issued on microfilm from UMI.</subfield></datafield><datafield ind1=" " ind2=" " tag="580"><subfield code="a">Weekly ed. of: News-dispatch (Jeannette, Pa. : Daily).</subfield></datafield><datafield ind1=" " ind2=" " tag="588"><subfield code="a">Description based on: V. 2, no. 47 (Sept. 27, 1932).</subfield></datafield><datafield ind1=" " ind2="0" tag="651"><subfield code="a">Jeannette (Pa.)</subfield><subfield code="v">Newspapers.</subfield></datafield><datafield ind1=" " ind2="7" tag="655"><subfield code="a">Newspapers.</subfield><subfield code="2">fast</subfield><subfield code="0">(OCoLC)fst01423814</subfield></datafield><datafield ind1=" " ind2="7" tag="651"><subfield code="a">Pennsylvania</subfield><subfield code="z">Jeannette.</subfield><subfield code="2">fast</subfield><subfield code="0">(OCoLC)fst01227286</subfield></datafield><datafield ind1=" " ind2=" " tag="752"><subfield code="a">United States</subfield><subfield code="b">Pennsylvania</subfield><subfield code="c">Westmoreland</subfield><subfield code="d">Jeannette.</subfield></datafield><datafield ind1="1" ind2=" " tag="775"><subfield code="t">News-dispatch (Jeannette, Pa. : Daily)</subfield><subfield code="w">(DLC)sn 87080650</subfield><subfield code="w">(OCoLC)15390204</subfield></datafield><datafield ind1="0" ind2="0" tag="785"><subfield code="t">News-dispatch (Jeannette, Pa. : Weekly)</subfield><subfield code="w">(DLC)sn 89077758</subfield><subfield code="w">(OCoLC)19471387</subfield></datafield></record>